@article{A1,
  author          = {M. Bojarski and D Del Testa and D. Dworakowski and B. Firner and B. Flepp and P. Goyal and L. D. Jackel and M. Monfort and U. Muller and J. Zhang and X. Zhang and J. Zhan and K. Zieba},
  journal         = {Arxiv},
  number          = {2},
  title           = {"End to End Learning for Self-Driving Cars"},
  volume          = {20},
  year            = {2016}
}
@book{B1,
  author         = {S. Kevin Zhou and Hayit Greenspan and Dinggang Shen},
  publisher      = {Elsevier},
  title          = {"Deep Learning for Medical Image Analysis"},
  year           = {2017}
}
@article{A2,
  author          = {M. Ye and J. Shen and G. Lin and T. Xiang and L. Shao and S. C. H. Hoi},
  journal         = {IEEE TPAMI},
  number          = {2},
  title           = {"Deep Learning for Person Re-identification: A Survey and Outlook"},
  volume          = {20},
  year            = {2021}
}
@article{STRIP,
  author          = {Y. Gao and C. Xu and D. Wang and S. Chen and D C.Ranasinghe and S. Nepal},
  journal         = {ACSAC 19},
  number          = {2},
  title           = {"STRIP: A Defence Against Trojan Attacks on Deep Neural Networks"},
  volume          = {13},
  year            = {2020}
}